
@inproceedings{panchenko_analysis_2017,
	title = {Analysis of {Fingerprinting} {Techniques} for {Tor} {Hidden} {Services}},
	booktitle = {Proceedings of the 24th {ACM} {Computer} and {Communications} {Security} ({ACM} {CCS}) 16th {Workshop} on {Privacy} in the {Electronic} {Society} ({ACM} {WPES} 2017)},
	author = {Panchenko, Andriy and Mitseva, Asya and Henze, Martin and Lanze, Fabian and Wehrle, Klaus and Engel, Thomas},
	year = {2017}
}

@article{overdorf_how_2017,
	title = {How {Unique} is {Your}. onion? {An} {Analysis} of the {Fingerprintability} of {Tor} {Onion} {Services}},
	journal = {arXiv preprint arXiv:1708.08475},
	author = {Overdorf, Rebekah and Juarez, Mark and Acar, Gunes and Greenstadt, Rachel and Diaz, Claudia},
	year = {2017}
}

@inproceedings{matic_dissecting_2017,
	title = {Dissecting {Tor} {Bridges}: a {Security} {Evaluation} of {Their} {Private} and {Public} {Infrastructures}},
	booktitle = {Network and {Distributed} {Systems} {Security} {Symposium}},
	publisher = {The Internet Society},
	author = {Matic, Srdjan and Troncoso, Carmela and Caballero, Juan},
	year = {2017},
	pages = {1--15}
}

@article{greschbach_effect_2016,
	title = {The {Effect} of {DNS} on {Tor}'s {Anonymity}},
	journal = {arXiv preprint arXiv:1609.08187},
	author = {Greschbach, Benjamin and Pulls, Tobias and Roberts, Laura M and Winter, Philipp and Feamster, Nick},
	year = {2016}
}

@inproceedings{kwon_circuit_2015,
	title = {Circuit fingerprinting attacks: {Passive} deanonymization of tor hidden services},
	volume = {20},
	booktitle = {{USENIX} {Security}},
	author = {Kwon, Albert and AlSabah, Mashael and Lazar, David and Dacier, Marc and Devadas, Srinivas},
	year = {2015}
}

@inproceedings{shi_fingerprinting_2009,
	title = {Fingerprinting {Attack} on the {Tor} {Anonymity} {System}.},
	volume = {5927},
	booktitle = {{ICICS}},
	publisher = {Springer},
	author = {Shi, Yi and Matsuura, Kanta},
	year = {2009},
	pages = {425--438}
}

@inproceedings{wang_improved_2013,
	title = {Improved website fingerprinting on tor},
	booktitle = {Proceedings of the 12th {ACM} workshop on {Workshop} on privacy in the electronic society},
	publisher = {ACM},
	author = {Wang, Tao and Goldberg, Ian},
	year = {2013},
	pages = {201--212}
}

@techreport{dingledine_tor:_2004,
	title = {Tor: {The} second-generation onion router},
	institution = {Naval Research Lab Washington DC},
	author = {Dingledine, Roger and Mathewson, Nick and Syverson, Paul},
	year = {2004}
}

@inproceedings{he_novel_2014,
	title = {A novel active website fingerprinting attack against {Tor} anonymous system},
	booktitle = {Computer {Supported} {Cooperative} {Work} in {Design} ({CSCWD}), {Proceedings} of the 2014 {IEEE} 18th {International} {Conference} on},
	publisher = {IEEE},
	author = {He, Gaofeng and Yang, Ming and Gu, Xiaodan and Luo, Junzhou and Ma, Yuanyuan},
	year = {2014},
	pages = {112--117}
}

@inproceedings{dyer_peek--boo_2012,
	title = {Peek-a-boo, i still see you: {Why} efficient traffic analysis countermeasures fail},
	booktitle = {Security and {Privacy} ({SP}), 2012 {IEEE} {Symposium} on},
	publisher = {IEEE},
	author = {Dyer, Kevin P and Coull, Scott E and Ristenpart, Thomas and Shrimpton, Thomas},
	year = {2012},
	pages = {332--346}
}

@techreport{jansen_sniper_2014,
	title = {The sniper attack: {Anonymously} deanonymizing and disabling the {Tor} network},
	institution = {OFFICE OF NAVAL RESEARCH ARLINGTON VA},
	author = {Jansen, Rob and Tschorsch, Florian and Johnson, Aaron and Scheuermann, Björn},
	year = {2014}
}

@inproceedings{wright_defending_2003,
	title = {Defending anonymous communications against passive logging attacks},
	booktitle = {Security and {Privacy}, 2003. {Proceedings}. 2003 {Symposium} on},
	publisher = {IEEE},
	author = {Wright, Matthew and Adler, Micah and Levine, Brian Neil and Shields, Clay},
	year = {2003},
	pages = {28--41}
}

@inproceedings{hintz_fingerprinting_2002,
	title = {Fingerprinting websites using traffic analysis},
	booktitle = {International {Workshop} on {Privacy} {Enhancing} {Technologies}},
	publisher = {Springer},
	author = {Hintz, Andrew},
	year = {2002},
	pages = {171--178}
}

@inproceedings{back_traffic_2001,
	title = {Traffic {Analysis} {Attacks} and {Trade}-{Offs} in {Anonymity} {Providing} {Systems}},
	booktitle = {Proceedings of {Information} {Hiding} {Workshop} ({IH} 2001)},
	publisher = {Springer-Verlag, LNCS 2137},
	author = {Back, Adam and Möller, Ulf and Stiglic, Anton},
	editor = {Moskowitz, Ira S.},
	month = apr,
	year = {2001},
	pages = {245--257}
}

@inproceedings{syverson_towards_2001,
	title = {Towards an analysis of onion routing security},
	booktitle = {Designing {Privacy} {Enhancing} {Technologies}},
	publisher = {Springer},
	author = {Syverson, Paul and Tsudik, Gene and Reed, Michael and Landwehr, Carl},
	year = {2001},
	pages = {96--114}
}

@misc{dingledine_research_2011,
	title = {Research problems: {Ten} ways to discover {Tor} bridges},
	url = {https://blog.torproject.org/research-problems-ten-ways-discover-tor-bridges},
	journal = {Tor blog},
	author = {Dingledine, Roger},
	month = oct,
	year = {2011}
}

@inproceedings{panchenko_website_2011,
	title = {Website fingerprinting in onion routing based anonymization networks},
	booktitle = {Proceedings of the 10th annual {ACM} workshop on {Privacy} in the electronic society},
	publisher = {ACM},
	author = {Panchenko, Andriy and Niessen, Lukas and Zinnen, Andreas and Engel, Thomas},
	year = {2011},
	pages = {103--114}
}

@inproceedings{overlier_locating_2006,
	title = {Locating hidden servers},
	booktitle = {Security and {Privacy}, 2006 {IEEE} {Symposium} on},
	publisher = {IEEE},
	author = {Overlier, Lasse and Syverson, Paul},
	year = {2006},
	pages = {15--pp}
}

@inproceedings{murdoch_sampled_2007,
	title = {Sampled traffic analysis by internet-exchange-level adversaries},
	booktitle = {Privacy {Enhancing} {Technologies}},
	publisher = {Springer},
	author = {Murdoch, Steven and Zieliński, Piotr},
	year = {2007},
	pages = {167--183}
}

@inproceedings{feamster_location_2004,
	title = {Location diversity in anonymity networks},
	booktitle = {Proceedings of the 2004 {ACM} workshop on {Privacy} in the electronic society},
	publisher = {ACM},
	author = {Feamster, Nick and Dingledine, Roger},
	year = {2004},
	pages = {66--76}
}